2675 3984
1109 166 1520 221 PRAEFATIO
2273 167 2338 221 V

296 315 510 400 posita
557 314 850 397 quamvis
892 313 1180 378 modeste
1226 334 1478 397 semper
1519 313 1903 376 senserimus
1949 312 2328 376 sentiamus-

298 426 442 488 que,
478 402 674 466 talem
710 402 933 466 iudicii
978 402 1389 469 insolentiam
1426 402 1911 486 contemnimuS,
1947 402 2327 484 praesertim

296 494 436 556 eius
494 492 606 574 qui
649 513 783 555 non
835 491 1027 555 modo
1072 491 1240 555 nihil
1283 513 1594 574 umquam
1630 491 1700 554 in
1743 489 1867 554 hoc
1912 512 2143 576 genere
2188 491 2326 575 ipse

297 581 642 665 praestitit,
687 579 799 644 sed
842 602 923 644 ne
968 581 1211 663 paratis
1258 579 1518 664 quidem
1565 580 1645 643 ab
1694 579 1838 643 aliis
1882 582 2054 643 recte
2098 580 2324 643 utitur.

296 670 471 736 Nam
496 673 572 733 ut
599 669 755 733 olim
782 669 1124 733 Loewiana
1149 669 1715 771 neglegentissime
1749 667 2113 733 exscribens
2148 669 2327 732 varia

299 759 555 844 legendi
594 759 949 822 tentamina
983 781 1102 843 pro
1140 758 1336 822 variis
1373 758 1577 842 ipsius
1611 758 1767 821 libri
1803 757 2142 842 scripturis
2177 779 2325 820 ven-

296 848 639 932 ditaverat,
694 847 786 911 sic
841 848 970 911 iam
1036 847 1438 933 diligentiam
1486 845 1911 911 Studemundi
1965 847 2059 910 ita
2123 846 2324 930 effert,

296 941 375 1000 ut
420 958 582 1020 quae
627 937 738 1000 ille
784 940 1002 1020 aperte
1048 940 1378 1021 tamquam
1422 936 1560 1000 veri
1617 935 1954 1000 dissimilia
2008 935 2327 1020 significa-

299 1027 492 1110 verit,
538 1026 724 1090 unice
784 1029 955 1089 recte
1010 1026 1176 1089 lecta
1231 1046 1366 1089 esse
1423 1025 1729 1109 affirmet,
1773 1046 2180 1109 nequaquam
2225 1046 2329 1087 ur-

301 1118 492 1201 gente
539 1118 651 1178 aut
686 1114 960 1180 lectione
998 1118 1111 1178 aut
1145 1115 1413 1199 ratione,
1451 1114 1562 1178 sed
1598 1115 1751 1198 quia
1788 1114 2034 1198 aliquid
2071 1112 2327 1198 ‘placet’

299 1204 404 1268 vel
447 1204 516 1267 in
560 1207 842 1267 mentem
888 1203 1082 1267 venit.
1959 1238 1967 1247 ·

433 1291 572 1357 Iam
617 1293 992 1376 priusquam
1038 1293 1231 1357 solito
1277 1314 1457 1357 more
1506 1292 1581 1356 de
1623 1293 1896 1378 singulis
1943 1291 2328 1375 quibusdam

300 1382 590 1446 versibus
652 1380 882 1445 harum
940 1382 1306 1446 fabularum
1370 1404 1574 1465 pauca
1632 1381 1963 1465 addamus,
2017 1381 2331 1445 nonnulla

300 1471 379 1535 de
407 1471 580 1534 notis
608 1474 672 1533 et
705 1471 1101 1553 compendiis
1130 1470 1366 1554 quibus
1384 1471 1486 1533 usi
1505 1492 1726 1534 sumus
1754 1469 2098 1553 repetenda
2124 1473 2331 1533 erunt.

435 1559 501 1623 A
547 1558 785 1623 codicis
839 1559 1135 1641 rescripti
1179 1557 1596 1622 Ambrosiani
1651 1559 2037 1643 scripturam
2091 1559 2330 1623 litteris

300 1647 687 1733 capitalibus
742 1647 1151 1710 exhibuimus
1199 1644 1567 1733 (adpunctis
1611 1648 1716 1711 vel
1769 1648 2074 1711 seiunctis
2128 1648 2330 1711 incer-

299 1733 625 1822 tioribus).
684 1735 1099 1800 Recensionis
1134 1735 1467 1800 Palatinae
1497 1733 1620 1823 (P)
1657 1736 2007 1820 scripturas
2044 1757 2124 1800 ex
2160 1736 2332 1800 codi-

300 1825 485 1888 cibus
520 1824 817 1888 Palatino
829 1823 1167 1889 -Vaticano
1205 1825 1273 1889 B
1306 1847 1465 1890 saec.
1504 1825 1591 1909 X,
1627 1823 1943 1889 Vaticano
1982 1824 2329 1889 Vrsiniano

301 1912 372 1977 D
417 1934 575 1976 saec.
596 1928 600 1933 ·
621 1911 741 1998 XI,
793 1913 1111 1979 Vossiano
1158 1914 1222 1980 V
1271 1913 1704 1979 Ambrosiano
1741 1915 1812 1980 E
1869 1914 2244 1979 Britannico
2282 1913 2343 1980 J

300 2023 462 2066 saec.
480 1999 617 2065 =XII
654 2002 756 2066 ita
792 2004 1403 2089 reconcinnavimus,
1439 2007 1515 2067 ut
1549 2003 1928 2088 plerumque
1974 2025 2183 2088 neque
2230 2025 2331 2068 co-

301 2091 474 2155 dices
528 2091 816 2177 singulos
877 2092 1381 2157 adscriberemus
1424 2114 1633 2176 neque
1680 2093 2001 2157 solitarias
2047 2094 2333 2179 singulo-

301 2203 448 2244 rum
502 2179 810 2244 lectiones
856 2182 1341 2265 respiceremus:
1401 2182 1528 2245 nisi
1575 2182 1748 2265 quod
1793 2181 2030 2246 codicis
2076 2181 2333 2246 Veteris

302 2269 505 2334 altera
541 2292 769 2333 manus
795 2267 903 2354 B2,
942 2292 1104 2353 quae
1140 2271 1210 2334 in
1248 2275 1394 2335 octo
1430 2270 1759 2355 prioribus
1793 2269 2032 2334 fabulis
2069 2269 2335 2337 alterius

302 2358 456 2422 libri
503 2359 707 2422 instar
748 2362 861 2444 est,
898 2360 1151 2444 saepius
1188 2358 1747 2424 commemoranda
1781 2359 1908 2423 fuit
1944 2359 2229 2442 itemque
2264 2358 2331 2443 J,

300 2448 374 2511 in
420 2470 547 2531 quo
596 2448 956 2512 emendatio
1005 2448 1084 2511 ab
1131 2446 1314 2512 Italis
1360 2452 1665 2533 provecta
1709 2448 1970 2512 initium
2017 2448 2207 2532 capit.

437 2535 778 2601 Praeterea
822 2537 923 2601 usi
970 2559 1191 2601 sumus
1236 2536 1340 2601 his
1386 2538 1585 2601 notis:

298 2677 438 2730 adeo
483 2694 534 2730 v,
566 2678 680 2745 26):
729 2693 902 2744 quare
946 2693 1060 2730 non
1106 2679 1193 2731 est
1239 2677 1391 2745 quod
1445 2679 1669 2745 praeter
1717 2677 1922 2731 residia
1968 2693 2002 2730 a
2043 2678 2161 2731 erte
2213 2692 2333 2729 cor-

301 2749 530 2815 ruptum
594 2746 906 2815 quidquam
970 2747 1343 2817 corrigamus·
1416 2764 1518 2816 pro
1591 2764 1703 2815 quo
1776 2747 1995 2801 vocabu
2019 2765 2115 2800 um
2176 2745 2335 2802 velut

300 2820 468 2872 ‘rabia
504 2817 594 2886 (cf.
626 2817 851 2872 Servius
880 2819 1020 2873 Dan.
1061 2819 1135 2872 ad
1163 2820 1298 2874 Aen.
1329 2820 1356 2872 I
1384 2822 1510 2888 200)
1557 2817 1967 2886 anquirendum
2005 2817 2126 2873 erit.
2183 2817 2334 2871 Nam

303 2891 518 2944 desidia
553 2888 702 2942 inter
739 2891 987 2945 auiditas
1025 2892 1084 2943 et
1119 2892 1336 2945 iniuria
1372 2906 1443 2943 ne
1482 2892 1678 2959 aptum
1724 2889 1953 2957 quidem
1999 2892 2100 2944 est.
2174 2888 2332 2942 Ridi-

300 2959 462 3013 culus
499 2976 631 3013 vero
670 2963 756 3014 est
807 2959 904 3029 qui
949 2963 1151 3030 urgeat
1185 2962 1393 3028 Ineret,
1440 2978 1554 3014 non
1602 2962 1883 3027 Inhaeret,
1931 2977 2052 3014 esse
2097 2958 2159 3013 in
2194 2960 2331 3015 BG:

303 3030 464 3098 quasi
501 3030 562 3083 in
601 3049 628 3083 e
671 3034 729 3085 et
774 3050 801 3087 e
847 3031 1261 3101 distinguendis
1318 3035 1376 3086 et
1427 3031 1490 3085 in
1545 3031 1889 3100 aspiratione
1927 3064 1994 3072 —
2033 3029 2227 3099 qualia
2270 3029 2332 3084 in

301 3101 411 3155 hac
440 3084 690 3156 editione
726 3105 918 3156 nostro
955 3102 1076 3157 iure
1112 3103 1442 3172 plerumque
1476 3120 1548 3157 ne
1578 3119 2072 3158 commemoramus
2101 3101 2334 3170 quidem

304 3205 372 3212 —
402 3172 493 3227 vel
528 3172 760 3227 tantilla
797 3173 872 3229 sit
907 3173 1108 3228 horum
1135 3174 1394 3229 codicum
1430 3173 1755 3229 auctoritas
1814 3175 2114 3228 Possumus
2150 3173 2335 3228 multa

307 3242 586 3326 eiusmodi
620 3244 869 3313 proferre
907 3248 1104 3299 contra
1137 3245 1398 3315 Leonem,
1430 3246 1529 3299 sed
1558 3245 1725 3300 certis
1755 3246 1825 3299 de
1854 3244 2038 3299 causis
2075 3262 2202 3299 cum
2229 3243 2331 3327 1110

303 3314 544 3369 maxime
608 3332 861 3396 pugnare
916 3315 1200 3372 nolumus.
1257 3332 1439 3385 neque
1504 3316 1644 3371 haec
1706 3315 2160 3398 protulissemus,
2218 3314 2333 3370 nisi

302 3390 527 3454 praeter
564 3386 914 3441 coniecturas
954 3419 1020 3427 —
1060 3388 1129 3441 de
1167 3388 1372 3456 quibus
1412 3386 1532 3441 sive
1578 3390 1804 3441 nostrae
1852 3386 1969 3442 sive
2006 3386 2162 3441 1111115
2201 3389 2337 3441 sunt

302 3456 630 3526 saepissime
685 3457 795 3527 ipsi
852 3457 1175 3513 dubitamus
1226 3491 1298 3500 -
1343 3460 1511 3512 fidem
1564 3461 1817 3512 nostram
1872 3458 2108 3529 aggredi
2161 3474 2338 3512 ausus

301 3531 455 3582 esset
490 3528 855 3597 petulantius.
