2675 3984
12 1724 24 1757 υ.
12 1623 15 1657 -
6 1252 16 1577 ,φ-ᾱ-ο--ι--α-
6 1192 13 1237 οι-
6 1049 17 1155 ———

78 1256 89 1263 '
87 1143 97 1151 a

960 1075 1632 1153 PRAEFATIO

1191 1264 1405 1271 ..-——-

426 1396 613 1474 Quod
657 1397 789 1461 fere
836 1401 935 1461 ter
981 1418 1093 1460 sex
1137 1418 1389 1460 menses
1426 1395 1746 1460 interiecti
1791 1399 1942 1459 sunt
1987 1395 2156 1459 inter
2192 1394 2312 1459 hos

289 1487 632 1551 fasciculos
658 1483 775 1550 III.
802 1483 899 1549 IV
925 1486 1299 1568 prioresque
1337 1485 1621 1569 emiSSOS‚
1648 1484 1716 1548 id
1742 1506 1888 1547 cum
1927 1484 2069 1548 aliis
2106 1485 2313 1548 causis

291 1576 588 1640 effectum
634 1578 732 1638 est
767 1578 908 1636 tum
944 1574 1091 1636 inde
1130 1572 1303 1655 quod
1340 1573 1417 1635 de
1455 1572 1837 1655 quibusdam
1882 1572 2041 1636 locis
2077 1573 2312 1637 iterum

292 1664 467 1728 adire
512 1661 1015 1727 Ambrosianum
1063 1664 1249 1725 antea
1293 1661 1633 1724 voluimus,
1722 1659 1895 1725 Nam
1944 1665 2043 1724 sat
2087 1683 2314 1746 graves

290 1753 616 1817 interdum
682 1750 1142 1833 discrepantiae
1208 1771 1356 1813 cum
1410 1749 1808 1814 intercedant
1862 1750 2030 1813 inter
2087 1748 2311 1814 Stude-

292 1840 517 1904 mundi
556 1838 999 1926 apographum
1038 1861 1236 1922 eaque
1276 1861 1437 1924 quae
1473 1839 1713 1924 partim
1741 1838 2037 1903 Loewius
2071 1838 2312 1924 partim

294 1927 653 1993 Schoellius
725 1929 793 1991 in
868 1928 1146 1993 editione
1217 1929 1462 1993 maiore
1535 1929 2123 2013 suppeditaverant,
2194 1928 2312 1992 has

293 2017 751 2103 discrepantias
812 2039 946 2082 non
1010 2022 1147 2082 erat
1212 2018 1386 2103 quod
1448 2019 1905 2101 respiceremus
1914 2070 1931 2103 ‚
1995 2018 2110 2081 ubi
2173 2018 2310 2100 ipse

292 2105 769 2172 Studemundus
816 2107 1021 2171 denuo
1068 2107 1309 2171 librum
1357 2111 1718 2171 excusserat
1765 2104 1868 2194 (ut
1922 2107 1992 2170 in
2036 2107 2309 2190 Epidico

291 2200 355 2260 et
400 2196 758 2261 Mercatore
805 2200 869 2261 et
913 2218 1149 2282 magna
1194 2219 1273 2260 ex
1317 2199 1501 2281 parte
1549 2196 1742 2260 etiam
1788 2195 1856 2259 in
1903 2195 2160 2283 Milite).
2219 2194 2310 2259 At

289 2286 358 2349 in
396 2287 539 2350 aliis
578 2285 750 2370 quod
786 2286 855 2349 in
893 2285 1028 2349 eius
1076 2285 1475 2370 auctoritate,
1524 2285 1815 2368 quamvis
1860 2285 2081 2371 magni
2117 2285 2308 2348 facia-

287 2398 432 2439 mus
477 2397 624 2439 cum
672 2374 989 2459 omnibus,
1036 2375 1434 2457 acquiescere
1478 2374 1830 2459 noluimus,
1874 2395 2063 2437 nemo
2120 2375 2308 2437 mira-

288 2463 484 2549 bitur,
530 2464 656 2527 nisi
704 2464 815 2546 qui
863 2467 975 2527 aut
1021 2463 1282 2527 omnino
1327 2463 1573 2527 nesciat
1620 2463 1806 2547 quale
1849 2463 2186 2549 negotium
2223 2463 2309 2527 sit

289 2552 654 2617 conferendi
709 2552 885 2615 illius
938 2551 1091 2616 libri
1148 2552 1427 2616 deleticii
1473 2556 1585 2616 aut
1627 2552 1871 2616 nesciat
1916 2552 2018 2616 vel
2062 2552 2310 2616 nescire

287 2663 355 2705 se
410 2642 614 2728 fingat
667 2641 826 2705 locis
883 2640 1057 2705 haud
1110 2642 1203 2706 ita
1238 2700 1245 2707 ,
1255 2642 1477 2726 paucis
1525 2640 2036 2706 Studemundum
2095 2642 2308 2725 ipsum

289 2751 368 2794 ex
413 2731 644 2794 iterata
690 2730 945 2794 demum
990 2734 1140 2813 post
1175 2729 1507 2795 Loewium
1552 2731 1826 2795 lectione
1864 2729 2306 2817 apographum

288 2819 654 2883 correxisse.
717 2817 944 2902 Itaque
982 2823 1128 2883 ante
1164 2819 1285 2884 hos
1323 2823 1630 2904 quattuor
1663 2842 1913 2884 menses
1946 2819 2307 2884 Poenulum

284 2906 801 2991 Pseudolumque
823 2906 1142 2994 GoetziuS‚
1160 2907 1610 2973 Menaechmos
1628 2908 1989 2973 Rudentem
2011 2907 2306 2973 Stichum

289 2995 648 3061 Schoellius
694 2998 1180 3061 retractavimus
1210 3035 1294 3044 ———
1325 3002 1518 3082 atque
1562 2998 1892 3062 nonnullis
1937 2997 2096 3062 locis
2144 2997 2306 3061 alter

200 3157 204 3161 ,
288 3085 562 3150 alterum
609 3085 1057 3151 advocavimus
1095 3125 1179 3132 —
1218 3087 1438 3151 eadem
1483 3088 1616 3151 fere
1661 3087 1761 3151 usi
1806 3088 2073 3171 ratione,
2112 3109 2304 3171 quam

289 3173 647 3239 Schoelh'us
692 3176 761 3239 in
809 3174 1039 3239 Casina
1077 3175 1436 3240 Cistellaria
1480 3176 1876 3240 Mostellaria
1909 3176 2106 3240 Persa
2149 3176 2304 3240 rele-

287 3264 512 3349 gendis
556 3265 881 3347 professus
928 3269 1025 3329 est
1071 3263 1179 3351 (cf.
1216 3266 1415 3350 praef.
1450 3263 1654 3329 Pers.2
1696 3263 1964 3351 p.V111‚
2001 3262 2306 3329 Mostell.2

284 3375 345 3436 p.
375 3351 499 3416 XV
526 3375 619 3437 sq.
648 3354 788 3418 adn.
819 3358 883 3418 et
909 3352 1211 3440 XXVIII,
1243 3352 1482 3419 Cistell.
1509 3379 1570 3440 p.
1599 3353 1723 3418 XV
1751 3352 1899 3442 sq.):
1948 3377 2074 3438 qua
2111 3376 2305 3439 opera

288 3462 448 3524 quae
495 3443 819 3506 effecimus
863 3465 979 3526 per
1022 3443 1188 3507 hanc
1234 3443 1580 3508 editionem
1626 3444 1989 3524 fabularum
2044 3443 2303 3508 illarum

285 3532 954 3597 commemorabimus:
1011 3555 1202 3615 quam
1249 3531 1374 3597 hoc
1420 3555 1587 3599 anno
1635 3533 1880 3598 absolvi
1925 3555 2112 3618 posse
2168 3554 2303 3617 spe-

1913 3639 1983 3690 a*
