2675 3984
345 202 427 265 12
1222 200 1488 254 PLAVTI
2014 198 2041 250 1
2080 203 2128 267 3,
2160 203 2374 252 13-—45

344 346 625 411 Pedibus
669 346 1038 432 perfugium
1083 346 1362 430 peperit,
1409 345 1478 407 in
1522 344 1838 407 Lemnum
1884 343 2164 429 aufugit,

342 434 484 499 Vbi
519 435 526 520 Ι
567 433 918 499 habitabat
1011 439 1151 499 tum
1196 434 1313 498 illa
1360 455 1552 516 quam
1600 433 2061 516 compresserat

347 524 634 588 Decume
680 528 829 609 post
872 545 1090 587 mense
1137 524 1361 587 exacto
1409 521 1515 586 hic
1560 522 1812 606 peperit
1856 521 2083 611 filiam.

350 612 666 690 Quoniam
712 635 893 677 reum
942 613 1078 675 eius
1123 612 1279 675 facti
1324 611 1530 675 nescit
1577 610 1696 694 qui
1734 610 1885 695 siet,

346 701 695 766 Paternum
743 723 997 765 seruom
1044 701 1152 764 sui
1188 701 1538 808 participat
1584 699 2376 765 censili.165

348 791 480 855 Dat
526 792 665 855 cem
709 789 991 873 puellam
1039 790 1098 853 ei
1143 791 1329 854 seruo
1378 788 1818 873 exponendam
1864 787 1946 851 ad
1987 809 2226 852 necem.

348 879 412 944 Is
460 881 599 943 eam
646 879 932 963 proiecit.
1024 878 1181 941 haec
1227 878 1510 962 puellam
1556 877 1845 962 sustulit,

345 969 371 1015 Τ
383 967 502 1032 Ille
549 968 714 1031 clam
761 967 1134 1031 Obseruauit
1179 989 1426 1052 seruos,

350 1057 490 1135 Quo
540 1060 652 1120 aut
700 1057 857 1139 quas
903 1056 973 1120 in
1019 1056 1191 1120 aedis
1236 1056 1395 1119 haec
1440 1055 1723 1140 puellam
1772 1054 2031 1118 deferat.

351 1145 441 1210 Vt
487 1146 740 1229 eempse
784 1166 903 1208 uos
951 1145 1219 1208 audistis
1267 1144 1648 1228 confiterier,
2277 1160 2382 1208 170

349 1234 481 1297 Dat
526 1235 666 1298 eam
711 1234 992 1317 puellam
1037 1234 1362 1298 meretrici
1407 1232 1779 1318 Melaenidi,

351 1322 572 1406 anue
621 1323 918 1386 educauit
963 1323 1102 1387 eem
1148 1322 1274 1386 sibi
1319 1344 1437 1407 pro
1484 1321 1627 1385 fflia

350 1411 525 1475 Bene
572 1412 645 1475 ac
689 1412 934 1496 pudice.
1028 1416 1167 1476 tum
1213 1412 1349 1475 illic
1396 1416 1610 1476 autem
1656 1409 1961 1474 Lemnius

351 1500 794 1584 Propinquam
840 1523 1108 1565 uxorem
1156 1501 1367 1587 duxit,
1413 1500 1752 1586 cognatam
1798 1521 1995 1562 suam.

353 1589 451 1653 Ea
498 1589 666 1653 diem
713 1612 896 1654 suom
945 1590 1136 1676 obiit,
1183 1590 1355 1654 fecta
1398 1590 1783 1675 morigerast
1826 1588 1987 1652 uiro.
2279 1603 2383 1653 175

351 1678 790 1763 Post<quam>
838 1679 951 1743 ifle
995 1681 1185 1743 uxori
1230 1680 1402 1743 iusta
1445 1679 1626 1763 fecit,
1669 1677 1823 1742 ilico

353 1767 500 1832 Huc
546 1768 1015 1854 cemmigrauit.
1110 1769 1294 1832 duxit
1336 1789 1605 1832 uxorem
1651 1766 1758 1830 hic
1803 1766 1929 1830 sibi

355 1856 643 1920 Eendem
691 1879 883 1940 quam
930 1857 1086 1921 olim
1132 1856 1456 1942 uirginem
1500 1856 1608 1919 hic
1653 1856 2142 1940 compresserat,

354 1945 444 2009 Et
490 1946 628 2008 eem
676 1947 1007 2030 cognoscit
1053 1946 1187 2009 esse
1235 1967 1429 2029 quam
1476 1945 1953 2028 compresserat.

353 2032 477 2097 Illa
520 2033 623 2096 illi
670 2033 826 2097 dicit
872 2035 1007 2097 eius
1054 2056 1120 2097 se
1168 2056 1246 2098 ex
1295 2034 1532 2098 iniuria
2283 2051 2387 2099 180

354 2122 686 2207 Peperisse
732 2126 994 2208 gnatam
1035 2123 1043 2206 Ι
1085 2124 1277 2207 fitque
1325 2145 1464 2187 eam
1511 2145 1578 2188 se
1623 2144 1810 2187 seruo
1857 2122 2009 2187 ilico

357 2211 622 2275 Dedisse
670 2212 1124 2295 exponendam.
1210 2211 1323 2276 ille
1371 2213 1692 2296 extemplo
1739 2212 2064 2276 seruolum

356 2299 548 2365 Iubet
591 2299 782 2364 illum
829 2301 1098 2365 eundem
1143 2302 1468 2386 persequi,
1514 2302 1699 2385 sique,
1746 2305 1940 2384 queat

356 2388 664 2473 Reperire
712 2411 874 2472 quae
920 2390 1268 2455 sustulerit
1361 2391 1420 2454 ei
1465 2391 1559 2455 rei
1603 2395 1775 2454 nunc
1820 2411 2001 2453 suam

359 2477 635 2562 Operam
680 2481 882 2561 usque
930 2479 1182 2543 assiduo
1231 2481 1451 2544 seruos
1499 2480 1633 2566 dat,
1679 2479 1735 2543 si
1780 2478 2023 2562 pessiet
2282 2491 2383 2541 185

357 2566 763 2656 Meretricem
809 2567 988 2631 illam
1034 2568 1350 2654 inuenire,
1398 2591 1591 2652 quam
1638 2567 1796 2633 olim
1843 2566 2095 2650 tellere,

361 2655 569 2732 Quom
617 2653 752 2740 ipse
800 2657 1185 2742 exponebat,
1233 2659 1311 2720 ex
1359 2658 1608 2722 insidiis
1653 2654 1921 2719 uiderat

356 2743 550 2810 Nunc
598 2745 770 2829 qued
815 2745 1123 2809 relicuom
1170 2748 1396 2831 restat,
1443 2747 1593 2811 uolo
1639 2743 2030 2828 perseluere,

359 2832 453 2897 Vt
499 2836 904 2919 expungatur
948 2837 1209 2920 nemen,
1254 2798 1495 2919 nequid
1542 2833 1822 2898 debeam.

359 2921 751 2987 Adulescens
796 2923 902 2987 hic
948 2928 1045 2988 est
1093 2922 1381 3008 Sicyoni:
1429 2925 1487 2988 ei
1532 2922 1704 2986 uiuit
1747 2924 1946 3004 pater.
2284 2936 2388 2985 190

360 3010 425 3075 Is
472 3013 686 3075 amere
732 3012 1171 3095 proiecticiam
1219 3013 1399 3077 illam
1447 3011 1719 3096 deperit,

363 3098 537 3176 Quae
584 3101 910 3184 <du>dum
955 3102 1116 3166 flens
1160 3102 1311 3166 hinc
1357 3101 1520 3165 abiit
1566 3100 1646 3164 ad
1689 3100 1962 3162 matrem
2009 3120 2217 3183 suam,

360 3187 451 3252 Et
495 3188 614 3253 illa
658 3189 829 3254 hunc
876 3195 1123 3276 contra,
1172 3191 1348 3274 quist
1394 3212 1574 3255 amor
1619 3187 2075 3253 suauissumus.

505 3351 622 3401 161.
671 3346 919 3400 lemnum
963 3347 1047 3400 vel
1091 3345 1363 3399 lemnium
1407 3349 1426 3416 ΙΙ
1473 3353 1592 3401 170.
1642 3361 1868 3415 eampse
1915 3346 1996 3401 vel
2042 3361 2167 3399 eam
2212 3342 2333 3413 ipse
2367 3344 2390 3417 ΙΙ

363 3423 479 3471 171.
518 3416 800 3471 meretrici
837 3418 920 3472 vel
954 3415 1173 3470 metrici
1200 3419 1219 3488 ΙΙ
1250 3422 1367 3472 177.
1410 3417 1574 3472 duxit
1597 3420 1681 3473 vel
1717 3416 1864 3471 dixit
1889 3421 1908 3488 ΙΙ
1938 3423 2056 3473 181.
2095 3414 2386 3485 Peperisse

359 3490 443 3611 ἰαὶ
476 3487 733 3614 peri3ffl131ss
763 3492 880 3627 ΙΙῗθ.
922 3491 1276 3556 expugnatur
1310 3491 1394 3545 vel
1432 3492 1786 3560 expungatur
1812 3492 1831 3560 ΙΙ
1861 3495 1981 3543 192
2013 3489 2128 3543 add
2152 3489 2200 3542 J
2218 3489 2236 3558 ΙΙ
2267 3492 2383 3542 193.

399 3576 508 3612 unc
544 3577 604 3615 ve
700 3575 768 3611 uc
