2675 3984
359 189 442 253 74
1230 189 1498 243 PLAv'n
1668 164 1671 167 ’
1966 190 2044 245 IV
2087 195 2377 259 4‚10—32

448 333 576 401 CA.
643 334 829 411 Qued
885 334 982 398 fui
1037 335 1310 419 iuratus,
1375 334 1516 398 feci.
1607 333 1743 398 ΤΗ.
1807 333 2058 399 Reddin
2115 357 2195 399 an
2248 357 2381 400 non

1523 446 1627 486 uir
1673 445 1847 487 inem

443 511 633 577 Prius
671 535 865 597 quam
892 516 956 576 te
992 511 1144 575 huic
1172 512 1350 575 meae
1379 446 1748 577 machaeffae
1778 475 2007 596 efficio,
2035 511 2379 599 mastigia?

447 600 575 667 CA.
597 600 919 685 Vapulare
948 622 1067 687 ego
1096 601 1162 664 te
1188 598 1601 664 uehementer
1628 600 1846 665 iubeo:
1873 623 1955 665 ne
1983 624 2084 666 me
2108 602 2379 666 territes

444 677 566 756 illa
603 690 963 754 abductast:
1009 693 1084 753 tu
1120 689 1406 754 auferere
1441 688 1593 753 hinc
1630 689 1667 752 e
1702 712 1823 773 me,
1862 691 1919 753 si
1953 693 2182 777 perges
2218 690 2379 755 mihi

443 779 614 844 Male
644 778 937 863 [e]loqui‚
964 778 1274 863 profecto,
1301 778 1457 862 quoi
1485 799 1603 863 ego
1631 777 1758 842 m'si
1778 779 2020 842 malum
2045 780 2142 843 nil
2164 779 2379 844 debeo.

445 868 581 933 ΤΗ.
626 866 840 931 Mihin
885 868 1127 931 malum
1162 866 1506 931 minitare?
1569 864 1696 930 CA.
1734 864 1950 952 Atque
1988 868 2214 952 edepol
2248 869 2382 933 nen

1205 955 1575 1040 minitabor,
1620 955 1732 1019 sed
1769 956 1953 1041 dabo,
1991 955 2211 1041 [mihi]
2275 974 2377 1022 571

446 1045 524 1110 Ss
561 1066 789 1129 perges
835 1044 1142 1109 molestus
1190 1066 1340 1108 esse.
1432 1042 1568 1108 ΤΗ.
1620 1042 1794 1108 Leno
1841 1044 2180 1109 minitatur
2217 1044 2379 1109 mihi

443 1134 750 1216 Meaeque
777 1155 1031 1219 pugnae
1064 1132 1410 1217 proeliares
1445 1133 1780 1216 plurumae
1810 1134 2087 1217 optritae
2124 1134 2379 1198 iacent?

440 1206 533 1289 At
578 1222 671 1285 ita
714 1242 819 1285 me
863 1221 1199 1286 machaera
1242 1225 1307 1285 et
1354 1221 1615 1305 clypeus
1663 1247 1694 1279 ι
1728 1253 1768 1280 υ
1804 1273 1837 1281 -
1871 1253 1911 1280 υ
1944 1247 1980 1280 ι
2014 1253 2053 1280 υ
2088 1271 2126 1281 -

441 1312 614 1376 Bene
668 1311 895 1374 iuuent
948 1311 1344 1397 pugnantem
1398 1310 1466 1374 in
1511 1310 1671 1374 acie:
1726 1308 1852 1373 m'si
1908 1308 2129 1393 mi[hi]
2187 1311 2375 1396 uirgo

1519 1398 1825 1481 redditur,
2272 1414 2376 1463 575

441 1486 580 1553 Iam
609 1489 729 1574 ego
750 1492 815 1551 te
833 1488 1068 1552 faciam
1095 1491 1169 1551 ut
1186 1486 1294 1550 h1'c
1312 1487 1617 1552 formicae
1637 1486 2040 1551 frustillatim
2060 1485 2373 1550 differant.

448 1585 576 1651 CA.
640 1569 732 1650 At
777 1586 870 1650 ita
914 1608 1016 1650 me
1062 1585 1385 1670 uolsellae‚
1430 1590 1676 1670 pecten⁷
1722 1584 2079 1669 speculum,
2126 1583 2377 1648 calami-

607 1681 615 1691 '
1523 1677 1729 1738 strum
1775 1695 1990 1738 meum

440 1765 614 1829 Bene
641 1786 744 1829 me
772 1764 1080 1828 amassint
1107 1764 1375 1847 meaque
1404 1763 1611 1826 axicia
1646 1762 2044 1846 linteumque
2079 1761 2378 1845 extersui,

441 1838 536 1918 Vt
573 1875 691 1939 ego
732 1857 845 1917 tua
880 1851 1224 1938 magnifica
1258 1851 1459 1915 uerba
1493 1853 1700 1935 neque
1738 1852 1894 1915 istas
1931 1854 2076 1914 tuas
2113 1851 2378 1936 magnas

1522 1961 1728 2004 mmas

229 2044 432 2075 ‘'¹¹¹⁸''-
448 2028 515 2096 N
515 2030 601 2094 611
652 2029 858 2113 pluris
911 2029 1078 2093 facie
1136 2050 1329 2113 quam
1385 2029 1682 2092 ancillam
1741 2029 1949 2093 meam
1995 2050 2157 2113 quae
2204 2028 2379 2091 latri-

469 2186 488 2204 ,
1523 2118 1673 2181 nam
1719 2116 1914 2181 lauat.
2274 2132 2376 2181 580

442 2207 585 2294 Ego
633 2207 814 2270 illam
859 2205 1116 2270 reddidi
1155 2206 1267 2290 qui
1313 2209 1652 2291 argentum
1707 2228 1744 2269 a
1788 2209 1853 2269 te
1909 2205 2146 2269 attulit.
2240 2204 2377 2269 ΤΗ.

1526 2293 1683 2371 Quis
1728 2295 1784 2358 is
1830 2295 1928 2358 est
1970 2293 2212 2358 homo‘?

447 2382 574 2449 CA.
638 2383 847 2448 Tuem
901 2382 1208 2447 libertum
1248 2383 1257 2467 Ι
1299 2385 1434 2447 esse
1489 2383 1702 2447 aiebat
1755 2384 1890 2447 sese
1939 2381 2377 2447 Summanum.

1528 2471 1665 2536 ΤΗ.
1728 2471 1991 2536 Meum?

443 2543 649 2645 Amat,
681 2560 980 2625 Curculio
1008 2560 1221 2625 hercle
1259 2560 1459 2625 uerba
1495 2560 1659 2624 mshi
1689 2560 1880 2645 dedit,
1909 2582 2106 2644 quom
2133 2559 2377 2644 cegito:

445 2635 509 2713 ss
537 2650 699 2714 mihi
727 2651 991 2714 anulum
1018 2649 1360 2734 subripuit.
1393 2647 1521 2713 CA.
1548 2648 1940 2735 Perdidistin
1966 2652 2040 2712 tu
2067 2648 2377 2712 anulum?

350 2815 356 2819 q
445 2736 635 2803 Msses
662 2740 881 2823 pulcre
910 2739 1306 2803 centuriatus
1333 2739 1431 2802 est
1450 2741 1768 2822 expuncto
1798 2738 1867 2800 in
1893 2736 2241 2820 manipulo,
2271 2752 2374 2801 585

445 2826 581 2892 ΤΗ.
609 2813 741 2892 Vbi
767 2849 937 2892 nunc
970 2826 1421 2891 Curculienem
1448 2827 1818 2891 inueniam?
1885 2823 2012 2889 CA.
2041 2823 2119 2889 In
2155 2823 2374 2889 tritico

1525 2914 1852 2979 facillume

444 3004 568 3092 Yel
614 3005 999 3092 quingentos
1045 3005 1445 3070 curculiones
1490 3025 1608 3088 pro
1656 3007 1784 3068 tino
1830 3004 1978 3069 faxo
2026 3005 2322 3088 reperias.

442 3093 587 3180 Ego
609 3094 795 3159 abeo:
819 3096 962 3159 uale
982 3095 1174 3177 atque
1193 3093 1386 3158 salue.
1416 3092 1552 3157 ΤΗ.
1575 3092 1745 3158 Male
1764 3094 1926 3179 nale,
1945 3094 2111 3157 male
2130 3091 2217 3158 sit
2235 3092 2376 3157 tibi.

500 3264 618 3314 566.
666 3260 956 3314 mulierem
994 3260 1193 3315 Festus
1217 3261 1238 3330 ΙΙ
1276 3263 1397 3315 568.
1436 3259 1662 3329 Vapula
1703 3276 1835 3329 ergo
1876 3260 2073 3315 Festus
2104 3267 2112 3333 Ι
2143 3258 2375 3315 iubebo:

357 3346 564 3386 coo-rex
588 3331 751 3387 Festo
777 3333 796 3401 ΙΙ
824 3337 942 3386 571.
971 3329 1234 3385 minitare
1260 3332 1347 3386 vel
1372 3330 1652 3385 minitaris
1685 3332 1693 3403 Ι
1726 3333 1814 3386 del
1831 3330 1970 3386 Mwe
1995 3332 2004 3402 Ι
2042 3335 2162 3386 673.
2192 3346 2376 3385 meae-

356 3416 466 3469 que
491 3402 576 3456 vel
601 3418 795 3456 maeae
820 3402 826 3475 Ι
848 3402 1037 3456 iacent
1062 3405 1144 3458 vel
1170 3402 1362 3457 lacent
1377 3402 1397 3475 ΙΙ
1416 3408 1534 3458 574.
1566 3405 1652 3458 lac
1667 3404 1793 3473 siqu
1810 3402 1988 3457 Lamb
2020 3402 2164 3475 1578.
2190 3418 2378 3456 meae-

358 3488 466 3540 que
501 3473 587 3527 vel
619 3489 821 3541 maque
843 3474 863 3599 ἒ
894 3474 1198 3530 extersum:
1246 3491 1370 3530 coro·
1406 3473 1568 3529 Palm
1593 3476 1613 3544 ΙΙ
1640 3478 1759 3528 581.
1807 3472 2008 3528 attulit
2041 3475 2125 3530 vel
2161 3472 2334 3528 attuli
2357 3474 2379 3546 ΙΙ

356 3549 476 3599 585.
513 3542 744 3613 pulchre
779 3562 840 3599 ve
895 3543 1205 3616 pulchere„
1233 3550 1354 3601 588.
1399 3545 1541 3600 abeo
1577 3546 1661 3601 vel
1696 3543 1878 3599 habeo
1906 3547 1925 3615 ΙΙ
