2675 3984
374 177 453 231 IV
1187 173 1601 229 PRAEFATIO

375 346 608 388 ramus,
631 361 714 369 ——
736 320 892 387 Sero
939 342 1089 385 sane
1135 319 1574 406 inteHegimus
1609 342 1742 384 non
1780 319 2220 386 Mediolanum
2256 346 2402 407 pro-

374 412 787 477 ficiscendum
831 410 1029 474 fuisse
1075 409 1157 473 ad
1191 407 1696 473 Ambrosianum
1741 409 1972 474 melius
2018 432 2400 496 cognoscen-

378 502 547 587 dum,
585 501 696 565 sed
725 498 1129 585 Gottingam:
1166 498 1281 562 ubi
1309 498 1441 561 iam
1468 520 1543 562 eo
1579 499 1894 583 processit
1930 521 2033 563 ars
2071 499 2400 565 divinandi

372 589 1021 677 praestrigiandique‚
1074 590 1150 651 ut
1203 587 1306 651 vel
1360 587 1514 651 libri
1569 587 1706 651 sine
1765 587 1950 651 libris
1995 589 2226 653 melius
2269 590 2402 677 legi

373 681 638 765 possint.
730 678 993 742 Etenim
1063 676 1167 740 his
1240 676 1399 760 ipsis
1474 675 1698 741 diebus
1762 677 2027 741 affertur
2089 677 2400 744 Friderici

374 770 608 834 Leonis
654 766 1110 833 commentatio
1158 765 1234 830 de
1285 763 1682 830 Cistellariae
1727 766 2018 831 versibus
2072 767 2401 833 nonnullis

375 881 453 923 ex
489 859 556 922 A
591 855 1000 922 emendandis
1037 851 1325 942 (Waclw.
1364 857 1421 919 d.
1467 853 1658 920 Goett.
1704 854 1844 920 GeS.
1883 857 1939 921 d.
1981 856 2106 924 W?
2141 879 2195 921 a.
2228 857 2401 922 1894

373 971 434 1031 p.
475 948 603 1012 202
634 943 830 1032 sqq.)‚
875 944 990 1008 ubi
1035 967 1097 1027 p.
1136 944 1265 1009 206
1322 944 1465 1007 adn.
1511 943 1764 1029 scribit,
1812 945 1985 1029 quod
2041 944 2402 1012 Schoellius

371 1037 859 1121 palimpsestum
904 1056 1051 1098 cum
1098 1030 1525 1101 Studemundi
1571 1034 1942 1120 apographo
2000 1034 2207 1100 denuo
2256 1058 2400 1101 con-

371 1161 582 1224 ferens
627 1184 686 1224 v.
713 1160 846 1225 450
893 1173 1045 1241 8914
1098 1158 1291 1242 paulo
1346 1157 1749 1243 probabilius
1806 1159 1977 1224 dicat
2022 1182 2216 1244 quam
2263 1128 2396 1225 8132

374 1246 496 1335 (sic
540 1246 685 1336 As),
733 1248 1015 1313 dubitari
1059 1269 1191 1311 non
1235 1270 1442 1333 posse,
1489 1248 1647 1332 quin
1701 1248 1872 1313 idem
1920 1248 2399 1313 Studemundus

371 1338 793 1422 reputaverit,
866 1337 978 1401 sed
1048 1336 1388 1423 indignum
1454 1337 1710 1402 duxerit
1772 1338 2400 1408 commemoratione.

372 1423 617 1514 (Simili
663 1425 854 1491 modo
910 1426 981 1490 in
1025 1430 1365 1491 comment.
1414 1426 1489 1491 de
1535 1425 1873 1491 Vidularia
1920 1425 2044 1510 [ed.
2090 1448 2144 1490 a.
2196 1426 2397 1512 1894]

370 1538 432 1600 p.
473 1518 508 1581 7
567 1516 909 1599 scripserat
966 1514 1162 1600 ‘quod
1218 1512 1484 1581 Goetzio
1539 1516 1750 1601 prima
1803 1515 2001 1579 fuisse
2055 1515 2193 1579 visa
2248 1520 2400 1581 sunt

370 1607 483 1687 qui
525 1607 660 1684 tibi,
709 1605 776 1670 id
827 1627 980 1687 prae
1027 1602 1455 1670 Studemundi
1509 1604 1882 1670 testimonio
1937 1625 2070 1668 non
2118 1605 2398 1670 multum

369 1695 567 1779 valet,
614 1695 726 1780 qui
781 1700 807 1759 t
858 1695 1116 1778 quidem
1169 1717 1289 1779 pro
1331 1698 1378 1777 f
1412 1696 1543 1782 legi
1592 1716 1779 1779 posse
1836 1693 2193 1779 adnotavit,
2241 1694 2399 1760 item

358 1805 411 1867 p
456 1784 560 1848 vel
596 1791 622 1849 t
661 1805 781 1868 pro
828 1805 876 1868 c,
911 1805 1045 1848 non
1079 1782 1188 1871 i’.)
1252 1782 1345 1848 At
1390 1784 1562 1848 idem
1607 1784 1677 1847 in
1722 1782 1941 1847 eadem
1987 1783 2100 1846 illa
2143 1785 2399 1871 pagina,

368 1873 484 1936 ubi
532 1871 1008 1937 Studemundus
1058 1871 1212 1937 Cist.
1251 1873 1382 1938 370
1436 1873 1690 1936 litterae
1748 1871 1928 1936 velut
1974 1890 2015 1935 Τ
2063 1873 2168 1939 vel
2212 1891 2255 1936 Ε
2303 1897 2397 1939 re-

368 1962 604 2046 liquias
667 1965 1027 2047 notaverat,
1090 1983 1223 2026 non
1287 1962 1525 2026 conicit
1587 1959 1783 2024 verba
1845 1962 2136 2045 personis
2210 1962 2398 2028 aliter

372 2050 812 2115 distribuenda
857 2073 991 2116 esse
1031 2089 1115 2098 ——
1163 2051 1337 2136 quod
1383 2050 1585 2134 licuit,
1633 2050 1753 2113 etsi
1800 2050 2153 2114 sententiae
2197 2050 2396 2115 haud-

369 2162 759 2224 quamquam
803 2141 1104 2205 convenit
1141 2178 1226 2186 —-
1263 2140 1376 2204 sed
1421 2139 1705 2203 affirmat
1748 2138 1819 2202 in
1863 2139 2003 2223 ipso
2050 2138 2219 2203 libro
2257 2162 2396 2223 per·

366 2251 561 2294 sonae
606 2230 824 2313 potius
869 2229 1151 2314 spatium
1198 2233 1466 2294 exstare.
1480 2226 1532 2316 ¹)
1596 2227 1694 2291 De
1733 2249 1927 2312 opera
1968 2231 2192 2291 nostra
2228 2228 2297 2292 in
2332 2227 2399 2294 A

513 2408 566 2475 1)
609 2405 718 2461 ‘Es
771 2406 971 2472 bedarf
1013 2405 1155 2460 wohl
1205 2421 1318 2459 πων
1372 2405 1468 2459 der
1512 2403 1824 2458 Bemerkwn
1867 2445 1885 2469 ,
1932 2403 2060 2457 dass
2114 2404 2217 2458 das
2269 2404 2397 2459 kain

366 2477 705 2544 Buchstabe,
739 2477 978 2532 eundern
1015 2475 1531 2545 Personempatiwm
1565 2475 1723 2529 war?
1799 2420 1877 2527 Kt
1912 2490 2051 2555 ‘cum
2093 2474 2398 2555 praecedat

362 2549 623 2604 nullusne
676 2555 754 2604 est
804 2548 934 2602 tibi
986 2554 1245 2602 amator
1299 2548 1448 2601 alius
1500 2548 1814 2616 quisquam,
1870 2562 1967 2598 vix
2019 2548 2209 2614 potuit
2265 2545 2396 2600 sim·

292 2616 297 2621 ’
365 2619 590 2688 pliciter
642 2617 966 2689 responderi
1019 2634 1199 2688 quem
1263 2619 1524 2688 quidem
1577 2633 1688 2688 eqo
1738 2633 1937 2672 amem
1981 2619 2130 2672 alius
2190 2625 2396 2673 nemost

365 2690 487 2759 (ubi
524 2708 678 2761 quem
713 2707 807 2762 eqo
843 2696 1034 2744 contra
1079 2706 1251 2744 amem
1296 2687 1502 2742 saltem
1538 2689 1863 2758 exspectes),
1903 2687 2002 2741 sed
2038 2687 2180 2742 haec
2219 2688 2391 2743 verba

368 2761 580 2831 optime
645 2777 704 2815 se
767 2760 1005 2829 habent,
1072 2759 1119 2813 si
1176 2758 1507 2830 adiungitur
1569 2761 1703 2815 Nisi
1758 2758 1974 2832 <tu>us
2036 2761 2192 2814 modo
2247 2777 2398 2815 unus

364 2834 541 2899 filius:
598 2832 697 2886 ubi
753 2830 925 2886 etiam
977 2833 1134 2886 modo
1178 2849 1327 2887 mnus
1375 2830 1546 2885 verba
1591 2831 1778 2886 locum
1813 2829 2050 2900 habent,
2098 2847 2245 2899 quae
2290 2829 2394 2884 mi-

366 2922 472 2958 nus
529 2904 834 2972 quadrant,
892 2901 942 2955 si
996 2918 1123 2956 cum
1175 2902 1363 2959 Leone
1415 2901 1804 2973 coniungimus
1849 2903 2106 2958 nullusne
2160 2909 2239 2957 est
2291 2902 2397 2958 tibi

368 2982 583 3030 amator
634 2975 781 3030 alius
833 2975 1146 3044 quisquam,
1200 2974 1336 3030 Nisi
1391 2974 1626 3048 <me>us
1688 2976 1845 3029 modo
1898 2990 2045 3028 wnus
2097 2974 2262 3040 filius.
2323 3004 2391 3012 —

368 3045 553 3100 Simili
617 3044 957 3099 confidentia
1030 3045 1139 3114 (‘es
1201 3047 1404 3113 bedarf
1455 3046 1597 3100 wohl
1662 3063 1773 3099 nur
1836 3046 1934 3100 der
1994 3044 2393 3114 Bemerkwny’)

364 3115 810 3243 {Efffffiffl-§ffi
840 3115 1595 3244 xsssfflffwtssss}
1630 3118 1862 3252 ¹²0¹?ss
1877 3115 2393 3240 {susm

365 3291 438 3298 —
460 3262 525 3313 ut
560 3258 659 3314 ille
704 3258 827 3314 volt
862 3292 930 3301 —
966 3277 1114 3315 novo
1150 3258 1459 3314 latinitatis
1495 3258 1759 3314 thesauro
1795 3257 2065 3325 inserant,
2103 3272 2393 3310 monemus

367 3330 506 3385 item
541 3331 746 3386 falsam
783 3348 917 3389 esse.
991 3332 1141 3386 Nam
1178 3363 1246 3372 —
1273 3334 1340 3385 ut
1375 3329 1665 3386 mittamus
1702 3346 1925 3385 versum
1962 3328 2033 3382 de
2070 3326 2393 3381 coniectura

367 3402 592 3456 demum
628 3421 754 3457 cum
791 3403 919 3458 aliis
965 3403 1112 3458 male
1158 3401 1403 3458 incisum
1440 3435 1506 3442 —
1545 3404 1746 3457 inertia
1795 3403 1855 3454 et
1890 3400 2105 3455 desidia
2148 3397 2392 3467 pessime

364 3490 466 3543 per
520 3476 767 3531 auiditas
812 3475 1225 3546 disiunguntur.
1301 3474 1510 3530 Contra
1554 3474 1810 3527 Inhaeret
1862 3472 2028 3525 etiam
2082 3469 2222 3524 adeo
2277 3487 2391 3525 non

366 3545 650 3603 disturbat
712 3547 1213 3618 enumerationem‚'
1269 3549 1336 3600 ut
1388 3543 1578 3615 potius
1625 3542 1942 3612 distinguat
1995 3539 2275 3612 (similiter
2328 3544 2394 3596 ut
