2675 3984
319 211 422 263 XII
1120 203 1533 259 PRAEFATIO

322 353 359 418 l.
396 373 445 417 s.
481 373 529 417 s.
564 373 635 434 Ρ.
672 356 760 416 46
814 348 951 437 (ubi
1003 352 1192 416 etiam
1245 352 1319 416 de
1373 350 1521 414 aliis
1573 349 1761 413 huius
1809 349 2065 432 fabulae
2110 349 2354 415 lacunis

321 438 577 527 agitur)
625 478 710 486 —
762 442 862 506 78.
909 440 1246 505 Librorum
1296 441 1675 520 scripturam
1720 444 1972 503 excusat
2014 438 2353 522 Seyffertus

321 528 424 616 (ef.
466 528 861 595 Jahresber?
899 534 938 594 t.
969 528 1231 592 XXXI
1245 549 1311 609 Ρ.
1344 526 1457 614 76)
1495 527 1793 591 adhibitis
1827 527 2053 593 Bacch.
2090 551 2144 593 v
2175 533 2261 593 88
2296 535 2353 594 et

289 618 548 689 ,Heaut
602 641 656 683 v.
696 622 863 683 1033
915 617 1114 682 simili
1167 618 1396 682 duritie
1450 616 1831 717 insiynibus:
1890 623 1960 682 at
2018 617 2149 682 illis
2203 617 2351 683 locis

318 713 662 775 structurae
704 707 1100 772 insolentiam
1143 705 1335 770 multo
1371 725 1498 770 esse
1540 706 1843 770 minorem
1873 712 2192 787 putamus,
2254 706 2350 790 ΟΥ.

321 797 518 863 Merc.
548 800 679 860 887
723 793 891 882 (cum
936 796 1207 860 adnotat.
1252 796 1325 859 in
1368 795 1486 858 hac
1528 788 1715 880 edit..)
1746 832 1830 841 -—
1873 796 1978 860 98.
2026 794 2351 861 Palatino-

229 930 231 932 -
319 908 464 950 rum
489 887 863 967 scripturam
889 885 1148 949 dimetro
1185 884 1485 948 trochaico
1522 883 1777 947 discribi
1799 903 1984 966 posse
2017 904 2127 949 nec
2151 886 2352 950 videri

324 976 712 1040 abiciendam
733 978 932 1038 censet
946 971 1398 1056 Seyffertus—
1313 973 1447 1035 —1
1461 973 1560 1037 18.
1586 970 1679 1054 Of.
1701 971 2061 1037 Skutschius
2088 975 2162 1058 de
2186 994 2350 1038 nom.

322 1064 425 1128 lat.
454 1063 675 1145 suffixi
701 1083 837 1127 -no-
864 1083 972 1144 ope
993 1064 1176 1143 form.
1193 1083 1262 1144 Ρ.
1284 1061 1370 1124 X.
1391 1099 1475 1106 —
1510 1060 1654 1124 120.
1682 1061 1774 1124 mi
1803 1058 1952 1147 (pro
1978 1059 2110 1148 me)
2140 1083 2354 1125 emere

320 1151 688 1216 Redslobius
724 1150 831 1216 ‘N
865 1150 1083 1233 philol.
1130 1148 1469 1215 Rundsch?
1517 1171 1574 1213 a.
1604 1154 1786 1214 1887
1806 1171 1872 1231 Ρ.
1910 1154 2055 1215 213.
2086 1187 2171 1196 —
2205 1150 2352 1214 135.

324 1239 648 1305 Skutschio
685 1237 1015 1341 (Forsch.⁹
1038 1240 1089 1304 Ι
1094 1261 1160 1321 Ρ
1190 1245 1314 1303 106
1332 1236 1489 1325 sqq.)
1526 1240 1800 1303 metienti
1826 1226 2015 1304 Illam
2053 1239 2354 1303 amabam

324 1329 507 1392 olim:
560 1329 864 1393 nunciam
909 1350 956 1393 e.
993 1350 1047 1409 q.
1084 1349 1132 1392 s.
1180 1348 1317 1392 cum
1357 1333 1608 1409 propter
1653 1328 1818 1392 alias
1861 1329 2133 1394 rationes
2188 1328 2352 1392 obse-

322 1419 449 1482 cuti
491 1439 618 1483 non
662 1437 903 1496 sumus,
950 1421 1082 1482 tum
1125 1418 1278 1498 quia
1328 1417 1632 1480 nunciam
1686 1418 1937 1482 omnino
1982 1417 2179 1481 locum
2223 1437 2350 1481 non

321 1506 505 1572 habet
558 1508 630 1570 in
681 1508 797 1571 hac
848 1506 1165 1571 sententia.
1215 1543 1299 1552 —-
1352 1506 1496 1595 136.
1542 1505 1871 1570 hominem
1918 1506 2127 1588 aliquo
2170 1507 2352 1570 modo

322 1596 568 1678 defendi
601 1615 810 1677 posse,
855 1596 914 1659 si
958 1594 1027 1658 id
1081 1595 1255 1679 quod
1286 1616 1411 1677 pro
1456 1595 1677 1660 obiecto
1720 1596 2195 1678 inyratitudinis
2238 1595 2356 1659 ha·—

325 1686 576 1750 beamus
639 1686 897 1749 adnotat
937 1682 1290 1766 Seyffertus.
1348 1723 1433 1730 —
1493 1685 1636 1748 141.
1695 1683 1865 1760 Quid
1908 1684 2098 1748 istic?
2153 1682 2354 1748 uerba

322 1774 595 1837 facimus
658 1778 900 1837 auctore
964 1773 1385 1838 Studemundo
1428 1775 1711 1854 praefert
1767 1773 2048 1838 Baebius
2096 1795 2163 1855 Ρ.
2200 1777 2349 1838 271.

330 1862 562 1928 Contra
615 1859 951 1943 Seyffertus
996 1861 1278 1926 Mostmo
1281 1865 1459 1925 ,584
1514 1867 1573 1925 et
1623 1861 1809 1925 Stich.
1864 1885 1917 1927 v.
1951 1867 2083 1926 714
2130 1863 2350 1944 adfert.

326 1988 411 1999 —-
462 1950 607 2014 152.
652 1948 893 2033 Aliqua
943 1952 1112 2034 [ope]
1164 1950 1463 2014 exsoluar
1506 1970 1643 2013 cum
1689 1950 1985 2033 Lanyeno
2021 1956 2081 2015 et
2123 1951 2353 2016 Nettle-

322 2041 526 2123 shipio
587 2039 914 2103 Abraham
978 2039 1149 2103 Stud.
1215 2038 1317 2103 Pl.
1370 2061 1440 2120 Ρ.
1476 2042 1625 2104 221.
1674 2076 1758 2084 -
1810 2038 1954 2104 165.
2010 2039 2356 2104 Palatinae

322 2129 694 2194 recensionis
738 2128 1113 2210 scripturam
1157 2132 1393 2192 tutatur
1436 2128 1774 2210 Lanyenus
1819 2126 2061 2192 Beitr?
2095 2148 2164 2208 Ρ.
2201 2131 2352 2191 206

326 2255 410 2264 -
461 2218 584 2282 181
616 2238 709 2300 sq.
757 2220 1066 2281 atctaccte
1103 2218 1314 2297 potius
1358 2237 1549 2298 quam
1602 2216 1936 2280 atcitacete
1981 2212 2081 2278 Β2
2133 2215 2356 2279 habere

328 2304 665 2389 Seyffertus
709 2326 785 2370 eoe
822 2304 1232 2371 Studemundi
1277 2305 1595 2370 collatione
1638 2306 1893 2370 monuit.
1924 2341 2009 2349 -
2040 2303 2188 2367 204.
2225 2302 2350 2387 Ah,

324 2416 512 2459 mane
586 2392 938 2459 Schoellius.
995 2432 1080 2440 -
1142 2396 1289 2460 272.
1353 2417 1488 2460 non
1557 2393 1868 2474 ucn[er]it
1939 2389 2044 2478 (cf.
2098 2415 2151 2456 v.
2189 2389 2350 2478 271)

327 2482 693 2548 Redslobius
722 2482 827 2548 ‘N
847 2483 1004 2565 phil.
1034 2482 1372 2548 Rundseh?
1411 2505 1469 2547 a.
1490 2487 1663 2548 1888
1684 2504 1754 2563 Ρ.
1774 2487 1912 2546 116.
1944 2519 2027 2526 -
2059 2482 2206 2547 273.
2242 2481 2352 2545 hic

316 2573 646 2654 posuimus
692 2570 981 2654 Seyfferti
1023 2592 1234 2636 suasu.
1273 2609 1359 2618 ——-
1407 2573 1554 2637 283.
1600 2570 1739 2635 sibe
1784 2570 1957 2654 sapis
2002 2570 2350 2636 Nenoinius

327 2661 363 2725 l.
401 2681 450 2726 s.
487 2680 536 2725 8.
583 2697 668 2706 --
717 2662 865 2725 293.
916 2659 1048 2724 PE.
1094 2682 1211 2725 om.
1245 2659 1371 2725 Bl:
1426 2661 1555 2725 add
1593 2658 1701 2724 ΒΞ.
1750 2697 1835 2706 -—
1881 2658 2154 2723 habeam
2208 2681 2349 2745 gra-

327 2750 486 2814 tiam
524 2747 862 2831 Seyffertus
906 2749 1034 2814 coll.
1076 2749 1253 2813 Trin.
1289 2772 1344 2814 v.
1382 2754 1561 2812 1136.
1607 2748 1833 2813 Bacch.
1869 2771 1923 2813 v.
1961 2751 2142 2828 1058,
2184 2747 2352 2812 aliis,

329 2875 412 2884 -—
462 2839 607 2903 316.
655 2837 947 2921 <Quae>‚
994 2839 1146 2902 dum
1191 2859 1328 2901 rem
1376 2838 1592 2902 dinam
1636 2838 1679 2901 f.
1725 2837 2129 2903 Buechelerus
2175 2836 2353 2901 Mus.

325 2926 523 2992 Rhen.
579 2932 617 2992 t.
656 2926 943 2992 XXXV
990 2947 1059 3009 Ρ.
1099 2931 1230 2993 628
1253 2947 1340 3007 sq.
1399 2964 1484 2972 —
1540 2927 1687 2992 336.
1761 2926 2129 2991 adiumento
2203 2925 2352 2989 ades

328 3014 665 3099 Seyffertus
692 3013 852 3102 (coll.
879 3016 1107 3098 Amph.
1134 3038 1189 3080 v.
1208 3021 1372 3080 1131
1400 3015 1623 3079 adsum
1651 3014 1941 3103 auxilio).
1962 3054 2047 3061 —
2068 3016 2196 3080 349
2213 3037 2351 3097 sqq.

332 3104 427 3186 Cf.
464 3104 591 3170 Leo
622 3105 863 3170 Vindio.
903 3103 1011 3168 Pl.
1051 3102 1169 3191 (ed.
1197 3104 1477 3169 Rostoeh.
1514 3126 1582 3189 a..
1601 3102 1802 3192 1887)
1827 3126 1896 3188 Ρ.
1925 3110 1969 3169 3
1993 3124 2118 3185 sqq.
2166 3101 2357 3190 (adde

329 3192 698 3259 Schoellium
747 3194 821 3257 in
878 3193 1228 3276 Woelfflini
1269 3193 1459 3259 Arch.
1506 3200 1543 3259 t.
1582 3194 1700 3259 IV
1738 3215 1807 3277 Ρ.
1847 3190 2021 3280 632).
2070 3230 2154 3238 -
2203 3191 2354 3256 353.

327 3282 532 3347 credit
566 3303 826 3348 manum
860 3303 974 3347 rec.
1011 3284 1083 3347 in
1118 3282 1187 3347 B
1219 3284 1551 3348 correxisse
1586 3281 1923 3367 Seyffertus
1958 3303 2033 3347 ex
2059 3281 2354 3346 Lorenzii

327 3371 646 3438 collatione
699 3372 970 3437 adnotat.
1016 3409 1101 3418 —
1151 3370 1300 3437 357.
1347 3375 1673 3437 auctorem
1730 3373 2114 3455 reposuimus
2158 3387 2354 3433 suasu

329 3459 648 3545 Seyfferti:
695 3465 919 3526 cautor
962 3483 1016 3525 v.
1053 3463 1180 3527 359
1234 3463 1323 3527 ad
1374 3464 1599 3526 caueat
1650 3466 1891 3544 spectat.
1939 3497 2023 3506 --
2086 3458 2233 3523 384.
2283 3455 2354 3521 Si

327 3548 419 3615 Β1
444 3550 664 3616 habere
691 3548 1027 3633 Seyffertus
1053 3556 1270 3617 monet.
1291 3589 1376 3598 —-
1396 3551 1531 3616 404
1550 3573 1642 3635 sq.
1678 3549 1771 3633 Cf.
1800 3549 2087 3631 Lanyius
2113 3545 2354 3611 Annal.

2641 1916 2675 2214 (ΞΡ-1511

2641 2438 2675 2921 mem-:2³00
2639 2259 2675 2391 ἕως
